<?xml version="1.0" encoding="UTF-8"?><collection xmlns="http://www.loc.gov/MARC21/slim"><record><leader>00383nam--2200133-i-4500</leader><controlfield tag="001">000001821</controlfield><controlfield tag="002">20161230</controlfield><controlfield tag="005">20161230201024</controlfield><controlfield tag="008">060222s1000------------r-----000-0-eng-d</controlfield><datafield ind1=" " ind2=" " tag="080"><subfield code="a">681.3.06</subfield></datafield><datafield ind1=" " ind2=" " tag="100"><subfield code="a">Golden, James T., Leichus, Richard M</subfield></datafield><datafield ind1=" " ind2=" " tag="245"><subfield code="a">Ibm 360.programming and computing</subfield></datafield><datafield ind1=" " ind2=" " tag="260"><subfield code="a">Englewood Cliffs, New Jersey, Prentice-hall. Inc., 1967. Ix + 342 P</subfield></datafield><datafield ind1=" " ind2=" " tag="852"><subfield code="a">28915</subfield></datafield></record></collection>